@MISC{WEBSITE:1,
	HOWPUBLISHED = "\url{https://www.mdpi.com/1424-8220/21/13/4314/htm}",
	AUTHOR = "Ricardo Berto and Paolo Napoletano and Marco Savi",
	TITLE = "A LoRa-Based Mesh Network for Peer-to-Peer Long-Range Communication",
	MONTH = "06",
	YEAR = "2021",
	URLDATE = {2023-07-13}
}

@MISC{WEBSITE:2,
	HOWPUBLISHED = "\url{https://dl.acm.org/doi/10.5555/2893711.2893802}",
	AUTHOR = "Pueyo Centelles and Freitag, Fèlix and Meseguer Pallarès and Navarro Moldes Leandro",
	TITLE = "A minimalistic distance-vector routing protocol for LoRa mesh networks",
	MONTH = "06",
	YEAR = "2021",
	URLDATE = {2023-07-13}
}

@MISC{WEBSITE:3,
	HOWPUBLISHED = "\url{https://www.mdpi.com/1424-8220/19/2/402}",
	AUTHOR = "Andrea Abrardo and Alessandro Pozzebon",
	TITLE = "A Multi-Hop LoRa Linear Sensor Network for the Monitoring of Underground Environments: The Case of the Medieval Aqueducts in Siena, Italy",
	MONTH = "01",
	YEAR = "2019",
	URLDATE = {2023-07-13}
}

@MISC{WEBSITE:4,
	HOWPUBLISHED = "\url{https://www.radioenge.com.br/en/product/loramesh-module/}",
	TITLE = "LoRaMESH module",
	URLDATE = {2023-07-13}
}

@MISC{WEBSITE:5,
	HOWPUBLISHED = "\url{https://emic.io/emic-radio-lora/}",
	TITLE = "EMIC Radio LoRa",
	URLDATE = {2023-07-13}
}

@MISC{WEBSITE:6,
	HOWPUBLISHED = "\url{https://www.semtech.com/}",
	TITLE = "Semtech Corporation"
}

@MISC{WEBSITE:7,
	HOWPUBLISHED = "\url{https://www.semtech.com/uploads/documents/an1200.22.pdf}",
	TITLE = "Semtech: AN1200.22 - LoRa Modulation Basics"
}

@MISC{WEBSITE:8,
	HOWPUBLISHED = "\url{https://www.semtech.com/lora/}",
	TITLE = "What Is LoRa?"
}

@MISC{WEBSITE:9,
	HOWPUBLISHED = "\url{https://commotionwireless.net/docs/cck/networking/intro-to-mesh/}",
	TITLE = "Introduction to Mesh"
}

@MISC{WEBSITE:10,
	HOWPUBLISHED = "\url{https://www.hoperf.com/}",
	TITLE = "HOPERF"
}

@MISC{WEBSITE:11,
	HOWPUBLISHED = "\url{https://www.microchip.com/}",
	TITLE = "Microchip"
}

@misc{rip,
        series =        {Request for Comments},
        number=         2453,
        howpublished=   {RFC 2453},
        publisher =     {RFC Editor},
        doi =           {10.17487/RFC2453},
        url =           {https://www.rfc-editor.org/info/rfc2453},
        author=         {G. Malkin},
        title=          {{RIP Version 2}},
        pagetotal =     37,
        year =          1998,
        month =         11,
        day =           2,
        abstract =      {This document specifies an extension of the Routing Information Protocol (RIP), as defined in [1], to expand the amount of useful information carried in RIP messages and to add a measure of security.},
}




